%YAML 1.1
%TAG !u! tag:unity3d.com,2011:
--- !u!29 &1
OcclusionCullingSettings:
  m_ObjectHideFlags: 0
  serializedVersion: 2
  m_OcclusionBakeSettings:
    smallestOccluder: 5
    smallestHole: 0.25
    backfaceThreshold: 100
  m_SceneGUID: 00000000000000000000000000000000
  m_OcclusionCullingData: {fileID: 0}
--- !u!104 &2
RenderSettings:
  m_ObjectHideFlags: 0
  serializedVersion: 8
  m_Fog: 0
  m_FogColor: {r: 0.5, g: 0.5, b: 0.5, a: 1}
  m_FogMode: 3
  m_FogDensity: 0.01
  m_LinearFogStart: 0
  m_LinearFogEnd: 300
  m_AmbientSkyColor: {r: 0.212, g: 0.227, b: 0.259, a: 1}
  m_AmbientEquatorColor: {r: 0.114, g: 0.125, b: 0.133, a: 1}
  m_AmbientGroundColor: {r: 0.047, g: 0.043, b: 0.035, a: 1}
  m_AmbientIntensity: 1
  m_AmbientMode: 3
  m_SubtractiveShadowColor: {r: 0.42, g: 0.478, b: 0.627, a: 1}
  m_SkyboxMaterial: {fileID: 0}
  m_HaloStrength: 0.5
  m_FlareStrength: 1
  m_FlareFadeSpeed: 3
  m_HaloTexture: {fileID: 0}
  m_SpotCookie: {fileID: 10001, guid: 0000000000000000e000000000000000, type: 0}
  m_DefaultReflectionMode: 0
  m_DefaultReflectionResolution: 128
  m_ReflectionBounces: 1
  m_ReflectionIntensity: 1
  m_CustomReflection: {fileID: 0}
  m_Sun: {fileID: 0}
  m_IndirectSpecularColor: {r: 0, g: 0, b: 0, a: 1}
--- !u!157 &3
LightmapSettings:
  m_ObjectHideFlags: 0
  serializedVersion: 11
  m_GIWorkflowMode: 1
  m_GISettings:
    serializedVersion: 2
    m_BounceScale: 1
    m_IndirectOutputScale: 1
    m_AlbedoBoost: 1
    m_TemporalCoherenceThreshold: 1
    m_EnvironmentLightingMode: 0
    m_EnableBakedLightmaps: 0
    m_EnableRealtimeLightmaps: 0
  m_LightmapEditorSettings:
    serializedVersion: 9
    m_Resolution: 2
    m_BakeResolution: 40
    m_TextureWidth: 1024
    m_TextureHeight: 1024
    m_AO: 0
    m_AOMaxDistance: 1
    m_CompAOExponent: 1
    m_CompAOExponentDirect: 0
    m_Padding: 2
    m_LightmapParameters: {fileID: 0}
    m_LightmapsBakeMode: 1
    m_TextureCompression: 1
    m_FinalGather: 0
    m_FinalGatherFiltering: 1
    m_FinalGatherRayCount: 256
    m_ReflectionCompression: 2
    m_MixedBakeMode: 2
    m_BakeBackend: 0
    m_PVRSampling: 1
    m_PVRDirectSampleCount: 32
    m_PVRSampleCount: 500
    m_PVRBounces: 2
    m_PVRFilterTypeDirect: 0
    m_PVRFilterTypeIndirect: 0
    m_PVRFilterTypeAO: 0
    m_PVRFilteringMode: 1
    m_PVRCulling: 1
    m_PVRFilteringGaussRadiusDirect: 1
    m_PVRFilteringGaussRadiusIndirect: 5
    m_PVRFilteringGaussRadiusAO: 2
    m_PVRFilteringAtrousPositionSigmaDirect: 0.5
    m_PVRFilteringAtrousPositionSigmaIndirect: 2
    m_PVRFilteringAtrousPositionSigmaAO: 1
  m_LightingDataAsset: {fileID: 0}
  m_UseShadowmask: 1
--- !u!196 &4
NavMeshSettings:
  serializedVersion: 2
  m_ObjectHideFlags: 0
  m_BuildSettings:
    serializedVersion: 2
    agentTypeID: 0
    agentRadius: 0.5
    agentHeight: 2
    agentSlope: 45
    agentClimb: 0.4
    ledgeDropHeight: 0
    maxJumpAcrossDistance: 0
    minRegionArea: 2
    manualCellSize: 0
    cellSize: 0.16666667
    manualTileSize: 0
    tileSize: 256
    accuratePlacement: 0
    debug:
      m_Flags: 0
  m_NavMeshData: {fileID: 0}
--- !u!1 &151815770
GameObject:
  m_ObjectHideFlags: 0
  m_PrefabParentObject: {fileID: 0}
  m_PrefabInternal: {fileID: 0}
  serializedVersion: 5
  m_Component:
  - component: {fileID: 151815771}
  m_Layer: 0
  m_Name: Camera
  m_TagString: Untagged
  m_Icon: {fileID: 0}
  m_NavMeshLayer: 0
  m_StaticEditorFlags: 0
  m_IsActive: 1
--- !u!4 &151815771
Transform:
  m_ObjectHideFlags: 0
  m_PrefabParentObject: {fileID: 0}
  m_PrefabInternal: {fileID: 0}
  m_GameObject: {fileID: 151815770}
  m_LocalRotation: {x: -0, y: -0, z: -0, w: 1}
  m_LocalPosition: {x: 0, y: 0, z: 0}
  m_LocalScale: {x: 1, y: 1, z: 1}
  m_Children:
  - {fileID: 378784693}
  m_Father: {fileID: 0}
  m_RootOrder: 4
  m_LocalEulerAnglesHint: {x: 0, y: 0, z: 0}
--- !u!1 &378784691
GameObject:
  m_ObjectHideFlags: 0
  m_PrefabParentObject: {fileID: 0}
  m_PrefabInternal: {fileID: 0}
  serializedVersion: 5
  m_Component:
  - component: {fileID: 378784693}
  - component: {fileID: 378784692}
  - component: {fileID: 378784694}
  m_Layer: 0
  m_Name: CM vcam1
  m_TagString: Untagged
  m_Icon: {fileID: 0}
  m_NavMeshLayer: 0
  m_StaticEditorFlags: 0
  m_IsActive: 1
--- !u!114 &378784692
MonoBehaviour:
  m_ObjectHideFlags: 0
  m_PrefabParentObject: {fileID: 0}
  m_PrefabInternal: {fileID: 0}
  m_GameObject: {fileID: 378784691}
  m_Enabled: 1
  m_EditorHideFlags: 0
  m_Script: {fileID: 11500000, guid: 45e653bab7fb20e499bda25e1b646fea, type: 3}
  m_Name: 
  m_EditorClassIdentifier: 
  m_ExcludedPropertiesInInspector:
  - m_Script
  m_LockStageInInspector: 
  m_StreamingVersion: 20170927
  m_Priority: 10
  m_LookAt: {fileID: 0}
  m_Follow: {fileID: 0}
  m_Lens:
    FieldOfView: 3
    OrthographicSize: 3.6
    NearClipPlane: 0.1
    FarClipPlane: 5000
    Dutch: 0
  m_ComponentOwner: {fileID: 1323888071}
--- !u!4 &378784693
Transform:
  m_ObjectHideFlags: 0
  m_PrefabParentObject: {fileID: 0}
  m_PrefabInternal: {fileID: 0}
  m_GameObject: {fileID: 378784691}
  m_LocalRotation: {x: -0, y: -0, z: -0, w: 1}
  m_LocalPosition: {x: 33.16118, y: 0.99999976, z: -6.03}
  m_LocalScale: {x: 1, y: 1, z: 1}
  m_Children:
  - {fileID: 1323888071}
  m_Father: {fileID: 151815771}
  m_RootOrder: 0
  m_LocalEulerAnglesHint: {x: 0, y: 0, z: 0}
--- !u!114 &378784694
MonoBehaviour:
  m_ObjectHideFlags: 0
  m_PrefabParentObject: {fileID: 0}
  m_PrefabInternal: {fileID: 0}
  m_GameObject: {fileID: 378784691}
  m_Enabled: 1
  m_EditorHideFlags: 0
  m_Script: {fileID: 11500000, guid: a2fba25a5cd15594e8f050a11e386c80, type: 3}
  m_Name: 
  m_EditorClassIdentifier: 
  m_ConfineMode: 0
  m_BoundingVolume: {fileID: 0}
  m_BoundingShape2D: {fileID: 1898789344}
  m_ConfineScreenEdges: 1
  m_Damping: 0
--- !u!1 &586706162
GameObject:
  m_ObjectHideFlags: 0
  m_PrefabParentObject: {fileID: 0}
  m_PrefabInternal: {fileID: 0}
  serializedVersion: 5
  m_Component:
  - component: {fileID: 586706166}
  - component: {fileID: 586706165}
  - component: {fileID: 586706164}
  - component: {fileID: 586706163}
  m_Layer: 5
  m_Name: Canvas
  m_TagString: Untagged
  m_Icon: {fileID: 0}
  m_NavMeshLayer: 0
  m_StaticEditorFlags: 0
  m_IsActive: 1
--- !u!114 &586706163
MonoBehaviour:
  m_ObjectHideFlags: 0
  m_PrefabParentObject: {fileID: 0}
  m_PrefabInternal: {fileID: 0}
  m_GameObject: {fileID: 586706162}
  m_Enabled: 1
  m_EditorHideFlags: 0
  m_Script: {fileID: 1301386320, guid: f70555f144d8491a825f0804e09c671c, type: 3}
  m_Name: 
  m_EditorClassIdentifier: 
  m_IgnoreReversedGraphics: 1
  m_BlockingObjects: 0
  m_BlockingMask:
    serializedVersion: 2
    m_Bits: 4294967295
--- !u!114 &586706164
MonoBehaviour:
  m_ObjectHideFlags: 0
  m_PrefabParentObject: {fileID: 0}
  m_PrefabInternal: {fileID: 0}
  m_GameObject: {fileID: 586706162}
  m_Enabled: 1
  m_EditorHideFlags: 0
  m_Script: {fileID: 1980459831, guid: f70555f144d8491a825f0804e09c671c, type: 3}
  m_Name: 
  m_EditorClassIdentifier: 
  m_UiScaleMode: 0
  m_ReferencePixelsPerUnit: 100
  m_ScaleFactor: 1
  m_ReferenceResolution: {x: 800, y: 600}
  m_ScreenMatchMode: 0
  m_MatchWidthOrHeight: 0
  m_PhysicalUnit: 3
  m_FallbackScreenDPI: 96
  m_DefaultSpriteDPI: 96
  m_DynamicPixelsPerUnit: 1
--- !u!223 &586706165
Canvas:
  m_ObjectHideFlags: 0
  m_PrefabParentObject: {fileID: 0}
  m_PrefabInternal: {fileID: 0}
  m_GameObject: {fileID: 586706162}
  m_Enabled: 1
  serializedVersion: 3
  m_RenderMode: 0
  m_Camera: {fileID: 1792992270}
  m_PlaneDistance: 100
  m_PixelPerfect: 1
  m_ReceivesEvents: 1
  m_OverrideSorting: 0
  m_OverridePixelPerfect: 0
  m_SortingBucketNormalizedSize: 0
  m_AdditionalShaderChannelsFlag: 0
  m_SortingLayerID: 0
  m_SortingOrder: 0
  m_TargetDisplay: 0
--- !u!224 &586706166
RectTransform:
  m_ObjectHideFlags: 0
  m_PrefabParentObject: {fileID: 0}
  m_PrefabInternal: {fileID: 0}
  m_GameObject: {fileID: 586706162}
  m_LocalRotation: {x: 0, y: 0, z: 0, w: 1}
  m_LocalPosition: {x: 339.5, y: 271.5, z: 0}
  m_LocalScale: {x: 1, y: 1, z: 1}
  m_Children:
  - {fileID: 1454644240}
  m_Father: {fileID: 0}
  m_RootOrder: 0
  m_LocalEulerAnglesHint: {x: 0, y: 0, z: 0}
  m_AnchorMin: {x: 0.5, y: 0.5}
  m_AnchorMax: {x: 0.5, y: 0.5}
  m_AnchoredPosition: {x: 0, y: 0}
  m_SizeDelta: {x: 100, y: 100}
  m_Pivot: {x: 0.5, y: 0.5}
--- !u!1 &1103597595
GameObject:
  m_ObjectHideFlags: 0
  m_PrefabParentObject: {fileID: 0}
  m_PrefabInternal: {fileID: 0}
  serializedVersion: 5
  m_Component:
  - component: {fileID: 1103597598}
  - component: {fileID: 1103597597}
  - component: {fileID: 1103597596}
  m_Layer: 0
  m_Name: EventSystem
  m_TagString: Untagged
  m_Icon: {fileID: 0}
  m_NavMeshLayer: 0
  m_StaticEditorFlags: 0
  m_IsActive: 1
--- !u!114 &1103597596
MonoBehaviour:
  m_ObjectHideFlags: 0
  m_PrefabParentObject: {fileID: 0}
  m_PrefabInternal: {fileID: 0}
  m_GameObject: {fileID: 1103597595}
  m_Enabled: 1
  m_EditorHideFlags: 0
  m_Script: {fileID: 1077351063, guid: f70555f144d8491a825f0804e09c671c, type: 3}
  m_Name: 
  m_EditorClassIdentifier: 
  m_HorizontalAxis: Horizontal
  m_VerticalAxis: Vertical
  m_SubmitButton: Submit
  m_CancelButton: Cancel
  m_InputActionsPerSecond: 10
  m_RepeatDelay: 0.5
  m_ForceModuleActive: 0
--- !u!114 &1103597597
MonoBehaviour:
  m_ObjectHideFlags: 0
  m_PrefabParentObject: {fileID: 0}
  m_PrefabInternal: {fileID: 0}
  m_GameObject: {fileID: 1103597595}
  m_Enabled: 1
  m_EditorHideFlags: 0
  m_Script: {fileID: -619905303, guid: f70555f144d8491a825f0804e09c671c, type: 3}
  m_Name: 
  m_EditorClassIdentifier: 
  m_FirstSelected: {fileID: 0}
  m_sendNavigationEvents: 1
  m_DragThreshold: 5
--- !u!4 &1103597598
Transform:
  m_ObjectHideFlags: 0
  m_PrefabParentObject: {fileID: 0}
  m_PrefabInternal: {fileID: 0}
  m_GameObject: {fileID: 1103597595}
  m_LocalRotation: {x: 0, y: 0, z: 0, w: 1}
  m_LocalPosition: {x: 0, y: 0, z: 0}
  m_LocalScale: {x: 1, y: 1, z: 1}
  m_Children: []
  m_Father: {fileID: 0}
  m_RootOrder: 5
  m_LocalEulerAnglesHint: {x: 0, y: 0, z: 0}
--- !u!1 &1323888070
GameObject:
  m_ObjectHideFlags: 3
  m_PrefabParentObject: {fileID: 0}
  m_PrefabInternal: {fileID: 0}
  serializedVersion: 5
  m_Component:
  - component: {fileID: 1323888071}
  - component: {fileID: 1323888073}
  - component: {fileID: 1323888072}
  - component: {fileID: 1323888075}
  m_Layer: 0
  m_Name: cm
  m_TagString: Untagged
  m_Icon: {fileID: 0}
  m_NavMeshLayer: 0
  m_StaticEditorFlags: 0
  m_IsActive: 1
--- !u!4 &1323888071
Transform:
  m_ObjectHideFlags: 3
  m_PrefabParentObject: {fileID: 0}
  m_PrefabInternal: {fileID: 0}
  m_GameObject: {fileID: 1323888070}
  m_LocalRotation: {x: -0, y: -0, z: -0, w: 1}
  m_LocalPosition: {x: 0, y: 0, z: 0}
  m_LocalScale: {x: 1, y: 1, z: 1}
  m_Children: []
  m_Father: {fileID: 378784693}
  m_RootOrder: 0
  m_LocalEulerAnglesHint: {x: 0, y: 0, z: 0}
--- !u!114 &1323888072
MonoBehaviour:
  m_ObjectHideFlags: 3
  m_PrefabParentObject: {fileID: 0}
  m_PrefabInternal: {fileID: 0}
  m_GameObject: {fileID: 1323888070}
  m_Enabled: 1
  m_EditorHideFlags: 0
  m_Script: {fileID: 11500000, guid: 6ad980451443d70438faac0bc6c235a0, type: 3}
  m_Name: 
  m_EditorClassIdentifier: 
  m_LookaheadTime: 0.032
  m_LookaheadSmoothing: 10
  m_XDamping: 0.84
  m_YDamping: 1
  m_ZDamping: 1
  m_ScreenX: 0.49200004
  m_ScreenY: 0.50184166
  m_CameraDistance: 6.03
  m_DeadZoneWidth: 0.25
  m_DeadZoneHeight: 0
  m_DeadZoneDepth: 0
  m_UnlimitedSoftZone: 0
  m_SoftZoneWidth: 0.699
  m_SoftZoneHeight: 0.8
  m_BiasX: 0
  m_BiasY: 0
  m_GroupFramingMode: 2
  m_AdjustmentMode: 2
  m_GroupFramingSize: 0.8
  m_MaxDollyIn: 5000
  m_MaxDollyOut: 5000
  m_MinimumDistance: 1
  m_MaximumDistance: 5000
  m_MinimumFOV: 3
  m_MaximumFOV: 60
  m_MinimumOrthoSize: 1
  m_MaximumOrthoSize: 100
--- !u!114 &1323888073
MonoBehaviour:
  m_ObjectHideFlags: 3
  m_PrefabParentObject: {fileID: 0}
  m_PrefabInternal: {fileID: 0}
  m_GameObject: {fileID: 1323888070}
  m_Enabled: 1
  m_EditorHideFlags: 0
  m_Script: {fileID: 11500000, guid: ac0b09e7857660247b1477e93731de29, type: 3}
  m_Name: 
  m_EditorClassIdentifier: 
--- !u!114 &1323888075
MonoBehaviour:
  m_ObjectHideFlags: 3
  m_PrefabParentObject: {fileID: 0}
  m_PrefabInternal: {fileID: 0}
  m_GameObject: {fileID: 1323888070}
  m_Enabled: 1
  m_EditorHideFlags: 0
  m_Script: {fileID: 11500000, guid: a4c41ac9245b87c4192012080077d830, type: 3}
  m_Name: 
  m_EditorClassIdentifier: 
--- !u!1 &1432514883
GameObject:
  m_ObjectHideFlags: 0
  m_PrefabParentObject: {fileID: 0}
  m_PrefabInternal: {fileID: 0}
  serializedVersion: 5
  m_Component:
  - component: {fileID: 1432514884}
  - component: {fileID: 1432514885}
  - component: {fileID: 1432514886}
  m_Layer: 0
  m_Name: GameManager
  m_TagString: GameController
  m_Icon: {fileID: 0}
  m_NavMeshLayer: 0
  m_StaticEditorFlags: 0
  m_IsActive: 1
--- !u!4 &1432514884
Transform:
  m_ObjectHideFlags: 0
  m_PrefabParentObject: {fileID: 0}
  m_PrefabInternal: {fileID: 0}
  m_GameObject: {fileID: 1432514883}
  m_LocalRotation: {x: 0, y: 0, z: 0, w: 1}
  m_LocalPosition: {x: 0, y: 0, z: 0}
  m_LocalScale: {x: 1, y: 1, z: 1}
  m_Children: []
  m_Father: {fileID: 0}
  m_RootOrder: 2
  m_LocalEulerAnglesHint: {x: 0, y: 0, z: 0}
--- !u!114 &1432514885
MonoBehaviour:
  m_ObjectHideFlags: 0
  m_PrefabParentObject: {fileID: 0}
  m_PrefabInternal: {fileID: 0}
  m_GameObject: {fileID: 1432514883}
  m_Enabled: 1
  m_EditorHideFlags: 0
  m_Script: {fileID: 11500000, guid: 4591bc9bbe226f941b9aca6cb3947582, type: 3}
  m_Name: 
  m_EditorClassIdentifier: 
  Gold: 0
  myText: {fileID: 1454644241}
  playerFollowCamera: {fileID: 378784692}
--- !u!114 &1432514886
MonoBehaviour:
  m_ObjectHideFlags: 0
  m_PrefabParentObject: {fileID: 0}
  m_PrefabInternal: {fileID: 0}
  m_GameObject: {fileID: 1432514883}
  m_Enabled: 1
  m_EditorHideFlags: 0
  m_Script: {fileID: 11500000, guid: 8be9b3531f64f9a4f8a2f2bfb0a932e0, type: 3}
  m_Name: 
  m_EditorClassIdentifier: 
  map: {fileID: 2800000, guid: 111feafeced8ebd4a9430c05b3b0744e, type: 3}
  colorMappings:
  - color: {r: 0, g: 0, b: 0, a: 1}
    prefab:
    - {fileID: 1428961444253682, guid: 63768f77959e03748a832d012a45dd2c, type: 2}
    - {fileID: 1478677258405866, guid: e96ca5d1f52406743890807923414b2b, type: 2}
  - color: {r: 0, g: 0.44705883, b: 0.21176471, a: 1}
    prefab:
    - {fileID: 1638320279468412, guid: 1fbe5526a7b306242877e57c96378f18, type: 2}
  - color: {r: 0, g: 0, b: 1, a: 1}
    prefab:
    - {fileID: 1178680101478396, guid: 8511d188280318b41b9a29a0c7b4e556, type: 2}
  - color: {r: 1, g: 1, b: 0, a: 1}
    prefab:
    - {fileID: 1011387629063396, guid: 39321ab379a8b4a4f978bd690fd961ab, type: 2}
  - color: {r: 1, g: 0.5019608, b: 0, a: 1}
    prefab:
    - {fileID: 1657858612489186, guid: dea64caa116ab5a4daf770d8349afc98, type: 2}
  - color: {r: 1, g: 0, b: 0, a: 1}
    prefab:
    - {fileID: 1915596186104118, guid: 1df5c1a50ffce374398e59c44a9fa2c8, type: 2}
  - color: {r: 1, g: 0, b: 0.5019608, a: 1}
    prefab:
    - {fileID: 1420351165599612, guid: 95e23f297cb03374e93ca1326d346930, type: 2}
    - {fileID: 1915596186104118, guid: 1df5c1a50ffce374398e59c44a9fa2c8, type: 2}
    - {fileID: 1915596186104118, guid: 1df5c1a50ffce374398e59c44a9fa2c8, type: 2}
--- !u!1 &1454644239
GameObject:
  m_ObjectHideFlags: 0
  m_PrefabParentObject: {fileID: 0}
  m_PrefabInternal: {fileID: 0}
  serializedVersion: 5
  m_Component:
  - component: {fileID: 1454644240}
  - component: {fileID: 1454644242}
  - component: {fileID: 1454644241}
  - component: {fileID: 1454644243}
  m_Layer: 5
  m_Name: Text
  m_TagString: Untagged
  m_Icon: {fileID: 0}
  m_NavMeshLayer: 0
  m_StaticEditorFlags: 0
  m_IsActive: 1
--- !u!224 &1454644240
RectTransform:
  m_ObjectHideFlags: 0
  m_PrefabParentObject: {fileID: 0}
  m_PrefabInternal: {fileID: 0}
  m_GameObject: {fileID: 1454644239}
  m_LocalRotation: {x: 0, y: 0, z: 0, w: 1}
  m_LocalPosition: {x: -171.70001, y: 219.1, z: 0}
  m_LocalScale: {x: 1, y: 1, z: 1}
  m_Children: []
  m_Father: {fileID: 586706166}
  m_RootOrder: 0
  m_LocalEulerAnglesHint: {x: 0, y: 0, z: 0}
  m_AnchorMin: {x: 0, y: 1}
  m_AnchorMax: {x: 0, y: 1}
  m_AnchoredPosition: {x: 167.8, y: -52.4}
  m_SizeDelta: {x: 337.5, y: 104.7}
  m_Pivot: {x: 0.5, y: 0.5}
--- !u!114 &1454644241
MonoBehaviour:
  m_ObjectHideFlags: 0
  m_PrefabParentObject: {fileID: 0}
  m_PrefabInternal: {fileID: 0}
  m_GameObject: {fileID: 1454644239}
  m_Enabled: 1
  m_EditorHideFlags: 0
  m_Script: {fileID: 708705254, guid: f70555f144d8491a825f0804e09c671c, type: 3}
  m_Name: 
  m_EditorClassIdentifier: 
  m_Material: {fileID: 0}
  m_Color: {r: 0.9254902, g: 0.77254903, b: 0.12156863, a: 1}
  m_RaycastTarget: 0
  m_OnCullStateChanged:
    m_PersistentCalls:
      m_Calls: []
    m_TypeName: UnityEngine.UI.MaskableGraphic+CullStateChangedEvent, UnityEngine.UI,
      Version=1.0.0.0, Culture=neutral, PublicKeyToken=null
  m_FontData:
    m_Font: {fileID: 12800000, guid: 035361769c2205548b244b20dd496761, type: 3}
    m_FontSize: 47
    m_FontStyle: 0
    m_BestFit: 1
    m_MinSize: 0
    m_MaxSize: 72
    m_Alignment: 3
    m_AlignByGeometry: 0
    m_RichText: 1
    m_HorizontalOverflow: 0
    m_VerticalOverflow: 0
    m_LineSpacing: 1
  m_Text: 'Gold:'
--- !u!222 &1454644242
CanvasRenderer:
  m_ObjectHideFlags: 0
  m_PrefabParentObject: {fileID: 0}
  m_PrefabInternal: {fileID: 0}
  m_GameObject: {fileID: 1454644239}
--- !u!114 &1454644243
MonoBehaviour:
  m_ObjectHideFlags: 0
  m_PrefabParentObject: {fileID: 0}
  m_PrefabInternal: {fileID: 0}
  m_GameObject: {fileID: 1454644239}
  m_Enabled: 1
  m_EditorHideFlags: 0
  m_Script: {fileID: 1573420865, guid: f70555f144d8491a825f0804e09c671c, type: 3}
  m_Name: 
  m_EditorClassIdentifier: 
  m_EffectColor: {r: 0, g: 0, b: 0, a: 0.5}
  m_EffectDistance: {x: 1, y: -1}
  m_UseGraphicAlpha: 1
--- !u!1 &1779999699
GameObject:
  m_ObjectHideFlags: 0
  m_PrefabParentObject: {fileID: 0}
  m_PrefabInternal: {fileID: 0}
  serializedVersion: 5
  m_Component:
  - component: {fileID: 1779999701}
  - component: {fileID: 1779999700}
  m_Layer: 0
  m_Name: AudioManager
  m_TagString: Untagged
  m_Icon: {fileID: 0}
  m_NavMeshLayer: 0
  m_StaticEditorFlags: 0
  m_IsActive: 1
--- !u!114 &1779999700
MonoBehaviour:
  m_ObjectHideFlags: 0
  m_PrefabParentObject: {fileID: 0}
  m_PrefabInternal: {fileID: 0}
  m_GameObject: {fileID: 1779999699}
  m_Enabled: 1
  m_EditorHideFlags: 0
  m_Script: {fileID: 11500000, guid: 5f58ef8af6b0bd24d996d49518ced213, type: 3}
  m_Name: 
  m_EditorClassIdentifier: 
  overAllVolume: 0.872
  Sounds:
  - name: breaking_0
    clip: {fileID: 8300000, guid: b130b542a99983f41a9dfdf7c9d9da02, type: 3}
    volume: 1
    pitch: 1
    audioSource: {fileID: 0}
    loop: 0
  - name: breaking_1
    clip: {fileID: 8300000, guid: 28ca2e03651d93c4e99e53ea9f35a7ac, type: 3}
    volume: 1
    pitch: 1
    audioSource: {fileID: 0}
    loop: 0
  - name: breaking_2
    clip: {fileID: 8300000, guid: 21c99be884509d74496ef55fec067ecc, type: 3}
    volume: 1
    pitch: 1
    audioSource: {fileID: 0}
    loop: 0
  - name: breaking_3
    clip: {fileID: 8300000, guid: fa690c66581d9ef41b2d434e0dbd3df5, type: 3}
    volume: 1
    pitch: 1
    audioSource: {fileID: 0}
    loop: 0
  - name: breaking_4
    clip: {fileID: 8300000, guid: 6eb9c87d9f995844a90cab2f15006e03, type: 3}
    volume: 1
    pitch: 1
    audioSource: {fileID: 0}
    loop: 0
  - name: jump
    clip: {fileID: 8300000, guid: dbfa994c1d613b5408809d61140ee637, type: 3}
    volume: 1
    pitch: 1
    audioSource: {fileID: 0}
    loop: 0
  - name: land
    clip: {fileID: 8300000, guid: fe3211b6dda680d49b508f086665ff04, type: 3}
    volume: 1
    pitch: 1
    audioSource: {fileID: 0}
    loop: 0
  - name: theme
    clip: {fileID: 8300000, guid: cb105e0b772af384f9e45726f3c538de, type: 3}
    volume: 0.491
    pitch: 1
    audioSource: {fileID: 0}
    loop: 1
  - name: chest
    clip: {fileID: 8300000, guid: 8cfd58d205b1dab44b69ca799839ab00, type: 3}
    volume: 1
    pitch: 1
    audioSource: {fileID: 0}
    loop: 0
  - name: lose
    clip: {fileID: 8300000, guid: 08a0f544b46b43c4194adde178cf3d6f, type: 3}
    volume: 1
    pitch: 1
    audioSource: {fileID: 0}
    loop: 0
  - name: breaking_5
    clip: {fileID: 8300000, guid: b796d960b49ba5742940fb1e3cd14e65, type: 3}
    volume: 1
    pitch: 1
    audioSource: {fileID: 0}
    loop: 0
--- !u!4 &1779999701
Transform:
  m_ObjectHideFlags: 0
  m_PrefabParentObject: {fileID: 0}
  m_PrefabInternal: {fileID: 0}
  m_GameObject: {fileID: 1779999699}
  m_LocalRotation: {x: 0, y: 0, z: 0, w: 1}
  m_LocalPosition: {x: 0, y: 0, z: 0}
  m_LocalScale: {x: 1, y: 1, z: 1}
  m_Children: []
  m_Father: {fileID: 0}
  m_RootOrder: 1
  m_LocalEulerAnglesHint: {x: 0, y: 0, z: 0}
--- !u!1 &1792992267
GameObject:
  m_ObjectHideFlags: 0
  m_PrefabParentObject: {fileID: 1438740498812232, guid: 8511d188280318b41b9a29a0c7b4e556,
    type: 2}
  m_PrefabInternal: {fileID: 0}
  serializedVersion: 5
  m_Component:
  - component: {fileID: 1792992271}
  - component: {fileID: 1792992270}
  - component: {fileID: 1792992269}
  - component: {fileID: 1792992268}
  - component: {fileID: 1792992272}
  m_Layer: 0
  m_Name: Camera
  m_TagString: MainCamera
  m_Icon: {fileID: 0}
  m_NavMeshLayer: 0
  m_StaticEditorFlags: 0
  m_IsActive: 1
--- !u!81 &1792992268
AudioListener:
  m_ObjectHideFlags: 0
  m_PrefabParentObject: {fileID: 81042416727519198, guid: 8511d188280318b41b9a29a0c7b4e556,
    type: 2}
  m_PrefabInternal: {fileID: 0}
  m_GameObject: {fileID: 1792992267}
  m_Enabled: 1
  m_ExtensionPropertyValues: []
--- !u!124 &1792992269
Behaviour:
  m_ObjectHideFlags: 0
  m_PrefabParentObject: {fileID: 124866339670713298, guid: 8511d188280318b41b9a29a0c7b4e556,
    type: 2}
  m_PrefabInternal: {fileID: 0}
  m_GameObject: {fileID: 1792992267}
  m_Enabled: 1
--- !u!20 &1792992270
Camera:
  m_ObjectHideFlags: 0
  m_PrefabParentObject: {fileID: 20512554783967992, guid: 8511d188280318b41b9a29a0c7b4e556,
    type: 2}
  m_PrefabInternal: {fileID: 0}
  m_GameObject: {fileID: 1792992267}
  m_Enabled: 1
  serializedVersion: 2
  m_ClearFlags: 2
  m_BackGroundColor: {r: 1, g: 1, b: 1, a: 0}
  m_NormalizedViewPortRect:
    serializedVersion: 2
    x: 0
    y: 0
    width: 1
    height: 1
  near clip plane: 0.1
  far clip plane: 5000
  field of view: 3
  orthographic: 1
  orthographic size: 3.6
  m_Depth: 0
  m_CullingMask:
    serializedVersion: 2
    m_Bits: 4294967295
  m_RenderingPath: -1
  m_TargetTexture: {fileID: 0}
  m_TargetDisplay: 0
  m_TargetEye: 3
  m_HDR: 1
  m_AllowMSAA: 1
  m_ForceIntoRT: 0
  m_OcclusionCulling: 1
  m_StereoConvergence: 10
  m_StereoSeparation: 0.022
  m_StereoMirrorMode: 0
--- !u!4 &1792992271
Transform:
  m_ObjectHideFlags: 0
  m_PrefabParentObject: {fileID: 4874931862252708, guid: 8511d188280318b41b9a29a0c7b4e556,
    type: 2}
  m_PrefabInternal: {fileID: 0}
  m_GameObject: {fileID: 1792992267}
  m_LocalRotation: {x: 0, y: 0, z: 0, w: 1}
  m_LocalPosition: {x: 33.15065, y: 3.1133173, z: -6.03}
  m_LocalScale: {x: 1, y: 1, z: 1}
  m_Children: []
  m_Father: {fileID: 0}
  m_RootOrder: 3
  m_LocalEulerAnglesHint: {x: 0, y: 0, z: 0}
--- !u!114 &1792992272
MonoBehaviour:
  m_ObjectHideFlags: 0
  m_PrefabParentObject: {fileID: 0}
  m_PrefabInternal: {fileID: 0}
  m_GameObject: {fileID: 1792992267}
  m_Enabled: 1
  m_EditorHideFlags: 0
  m_Script: {fileID: 11500000, guid: 72ece51f2901e7445ab60da3685d6b5f, type: 3}
  m_Name: 
  m_EditorClassIdentifier: 
  m_ShowDebugText: 0
  m_ShowCameraFrustum: 1
  m_IgnoreTimeScale: 0
  m_WorldUpOverride: {fileID: 0}
  m_UpdateMethod: 2
  m_DefaultBlend:
    m_Style: 1
    m_Time: 2
  m_CustomBlends: {fileID: 0}
  m_CameraCutEvent:
    m_PersistentCalls:
      m_Calls: []
    m_TypeName: Cinemachine.CinemachineBrain+BrainEvent, Assembly-CSharp, Version=0.0.0.0,
      Culture=neutral, PublicKeyToken=null
  m_CameraActivatedEvent:
    m_PersistentCalls:
      m_Calls: []
    m_TypeName: Cinemachine.CinemachineBrain+VcamEvent, Assembly-CSharp, Version=0.0.0.0,
      Culture=neutral, PublicKeyToken=null
--- !u!1 &1898789341
GameObject:
  m_ObjectHideFlags: 0
  m_PrefabParentObject: {fileID: 0}
  m_PrefabInternal: {fileID: 0}
  serializedVersion: 5
  m_Component:
  - component: {fileID: 1898789343}
  - component: {fileID: 1898789342}
  - component: {fileID: 1898789344}
  m_Layer: 8
  m_Name: background
  m_TagString: Untagged
  m_Icon: {fileID: 0}
  m_NavMeshLayer: 0
  m_StaticEditorFlags: 0
  m_IsActive: 1
--- !u!212 &1898789342
SpriteRenderer:
  m_ObjectHideFlags: 0
  m_PrefabParentObject: {fileID: 0}
  m_PrefabInternal: {fileID: 0}
  m_GameObject: {fileID: 1898789341}
  m_Enabled: 1
  m_CastShadows: 0
  m_ReceiveShadows: 0
  m_DynamicOccludee: 1
  m_MotionVectors: 1
  m_LightProbeUsage: 1
  m_ReflectionProbeUsage: 1
  m_Materials:
  - {fileID: 10754, guid: 0000000000000000f000000000000000, type: 0}
  m_StaticBatchInfo:
    firstSubMesh: 0
    subMeshCount: 0
  m_StaticBatchRoot: {fileID: 0}
  m_ProbeAnchor: {fileID: 0}
  m_LightProbeVolumeOverride: {fileID: 0}
  m_ScaleInLightmap: 1
  m_PreserveUVs: 0
  m_IgnoreNormalsForChartDetection: 0
  m_ImportantGI: 0
  m_StitchSeams: 0
  m_SelectedEditorRenderState: 0
  m_MinimumChartSize: 4
  m_AutoUVMaxDistance: 0.5
  m_AutoUVMaxAngle: 89
  m_LightmapParameters: {fileID: 0}
  m_SortingLayerID: 1797604129
  m_SortingLayer: 1
  m_SortingOrder: 0
  m_Sprite: {fileID: 21300000, guid: abb3e1d3d04484040a483c85d52df5c8, type: 3}
  m_Color: {r: 1, g: 1, b: 1, a: 1}
  m_FlipX: 0
  m_FlipY: 0
  m_DrawMode: 0
  m_Size: {x: 10.24, y: 10.24}
  m_AdaptiveModeThreshold: 0.5
  m_SpriteTileMode: 0
  m_WasSpriteAssigned: 1
  m_MaskInteraction: 0
--- !u!4 &1898789343
Transform:
  m_ObjectHideFlags: 0
  m_PrefabParentObject: {fileID: 0}
  m_PrefabInternal: {fileID: 0}
  m_GameObject: {fileID: 1898789341}
  m_LocalRotation: {x: 0, y: 0, z: 0, w: 1}
  m_LocalPosition: {x: 34.8, y: 6.5, z: 0}
  m_LocalScale: {x: 8, y: 2, z: 1}
  m_Children: []
  m_Father: {fileID: 0}
  m_RootOrder: 6
  m_LocalEulerAnglesHint: {x: 0, y: 0, z: 0}
--- !u!60 &1898789344
PolygonCollider2D:
  m_ObjectHideFlags: 0
  m_PrefabParentObject: {fileID: 0}
  m_PrefabInternal: {fileID: 0}
  m_GameObject: {fileID: 1898789341}
  m_Enabled: 1
  m_Density: 1
  m_Material: {fileID: 0}
  m_IsTrigger: 1
  m_UsedByEffector: 0
  m_UsedByComposite: 0
  m_Offset: {x: 0, y: 0}
  m_SpriteTilingProperty:
    border: {x: 0, y: 0, z: 0, w: 0}
    pivot: {x: 0.5, y: 0.5}
    oldSize: {x: 10.24, y: 10.24}
    newSize: {x: 10.24, y: 10.24}
    adaptiveTilingThreshold: 0.5
    drawMode: 0
    adaptiveTiling: 0
  m_AutoTiling: 0
  m_Points:
    m_Paths:
    - - {x: -4.376175, y: 4.4069476}
      - {x: -4.392967, y: -3.5879834}
      - {x: 3.5536652, y: -3.4296331}
      - {x: 3.5316849, y: 4.289523}
